<?xml version = "1.0" encoding = "UTF-8"?><record>
  <leader>01548naa#a2200397#c#4500</leader>
  <controlfield tag="005">20220127112500.0</controlfield>
  <controlfield tag="007">tu</controlfield>
  <controlfield tag="008">211019s2021####gw############|||#|#ger#c</controlfield>
  <controlfield tag="003">DE-605</controlfield>
  <controlfield tag="001">99371021414006441</controlfield>
  <datafield tag="035" ind1=" " ind2=" ">
    <subfield code="a">(DE-605)HT021121339</subfield>
  </datafield>
  <datafield tag="040" ind1=" " ind2=" ">
    <subfield code="a">HBZ/ALMA-NZ</subfield>
    <subfield code="b">ger</subfield>
    <subfield code="c">DE-61</subfield>
    <subfield code="d">HBZ/ALMA-NZ</subfield>
    <subfield code="e">rda</subfield>
    <subfield code="d">DE-605</subfield>
  </datafield>
  <datafield tag="041" ind1=" " ind2=" ">
    <subfield code="a">ger</subfield>
  </datafield>
  <datafield tag="044" ind1=" " ind2=" ">
    <subfield code="c">XA-DE-NW</subfield>
  </datafield>
  <datafield tag="084" ind1=" " ind2=" ">
    <subfield code="a">D&#252;sseldorf</subfield>
    <subfield code="0">https://nwbib.de/spatial#Q1718</subfield>
    <subfield code="2">nwbib</subfield>
  </datafield>
  <datafield tag="084" ind1=" " ind2=" ">
    <subfield code="a">Kleve</subfield>
    <subfield code="0">https://nwbib.de/spatial#Q6842</subfield>
    <subfield code="2">nwbib</subfield>
  </datafield>
  <datafield tag="084" ind1=" " ind2=" ">
    <subfield code="a">K&#252;nstler</subfield>
    <subfield code="0">https://nwbib.de/subjects#N841070</subfield>
    <subfield code="2">nwbib</subfield>
  </datafield>
  <datafield tag="100" ind1="1" ind2=" ">
    <subfield code="a">Weber, Joachim</subfield>
    <subfield code="d">1954-</subfield>
    <subfield code="0">(DE-588)1243550546</subfield>
    <subfield code="4">aut</subfield>
    <subfield code="0">(uri) https://portal.dnb.de/opac.htm?method=simpleSearch&amp;cqlMode=true&amp;query=idn=1243550546</subfield>
    <subfield code="0">(uri) http://viaf.org/viaf/sourceID/DNB|1243550546</subfield>
  </datafield>
  <datafield tag="245" ind1="1" ind2="0">
    <subfield code="a">Jeder Mensch ist seiner Natur nach ein K&#252;nstler</subfield>
    <subfield code="c">ein Gespr&#228;ch zwischen Joachim Weber und Johannes St&#252;ttgen</subfield>
  </datafield>
  <datafield tag="264" ind1=" " ind2="1">
    <subfield code="a">K&#246;ln</subfield>
    <subfield code="b">Wienand</subfield>
    <subfield code="c">2021</subfield>
  </datafield>
  <datafield tag="300" ind1=" " ind2=" ">
    <subfield code="b">Illustrationen (schwarz-wei&#223;)</subfield>
  </datafield>
  <datafield tag="336" ind1=" " ind2=" ">
    <subfield code="b">txt</subfield>
  </datafield>
  <datafield tag="336" ind1=" " ind2=" ">
    <subfield code="b">sti</subfield>
  </datafield>
  <datafield tag="337" ind1=" " ind2=" ">
    <subfield code="b">n</subfield>
  </datafield>
  <datafield tag="338" ind1=" " ind2=" ">
    <subfield code="b">nc</subfield>
  </datafield>
  <datafield tag="689" ind1="0" ind2="0">
    <subfield code="a">Beuys, Joseph</subfield>
    <subfield code="d">1921-1986</subfield>
    <subfield code="D">p</subfield>
    <subfield code="0">(DE-588)118510460</subfield>
    <subfield code="0">(uri) https://portal.dnb.de/opac.htm?method=simpleSearch&amp;cqlMode=true&amp;query=idn=118510460</subfield>
    <subfield code="0">(uri) http://viaf.org/viaf/sourceID/DNB|118510460</subfield>
  </datafield>
  <datafield tag="689" ind1="0" ind2="1">
    <subfield code="a">Erweiterter Kunstbegriff</subfield>
    <subfield code="D">s</subfield>
    <subfield code="0">(DE-588)4393042-6</subfield>
    <subfield code="0">(uri) https://portal.dnb.de/opac.htm?method=simpleSearch&amp;cqlMode=true&amp;query=idn=946141983</subfield>
    <subfield code="0">(uri) http://viaf.org/viaf/sourceID/DNB|946141983</subfield>
  </datafield>
  <datafield tag="773" ind1="0" ind2="8">
    <subfield code="i">Enthalten in</subfield>
    <subfield code="t">&lt;&lt;Die&gt;&gt; unsichtbare Skulptur / Herausgeber*innen Prof. Heinrich Theodor Gr&#252;tter [und 5 weitere]</subfield>
    <subfield code="d">K&#246;ln : Wienand</subfield>
    <subfield code="g">Seite 47-57</subfield>
    <subfield code="w">(DE-605)HT020913350</subfield>
    <subfield code="z">9783868326246</subfield>
    <subfield code="z">3868326243</subfield>
  </datafield>
  <datafield tag="960" ind1="1" ind2=" ">
    <subfield code="n">NWBib-61</subfield>
  </datafield>
  <datafield tag="964" ind1="0" ind2="s">
    <subfield code="F">051</subfield>
    <subfield code="A">a|||||||</subfield>
  </datafield>
  <datafield tag="964" ind1="0" ind2="s">
    <subfield code="F">030</subfield>
    <subfield code="A">a|zur||||||17</subfield>
  </datafield>
  <datafield tag="964" ind1="0" ind2="s">
    <subfield code="F">050</subfield>
    <subfield code="A">a|a|||||||||||</subfield>
  </datafield>
  <datafield tag="035" ind1=" " ind2=" ">
    <subfield code="a">(DE-599)HBZHT021121339</subfield>
  </datafield>
  <datafield tag="700" ind1="1" ind2=" ">
    <subfield code="a">St&#252;ttgen, Johannes</subfield>
    <subfield code="d">1945-</subfield>
    <subfield code="0">(DE-588)124604803</subfield>
    <subfield code="4">aut</subfield>
    <subfield code="0">(uri) https://portal.dnb.de/opac.htm?method=simpleSearch&amp;cqlMode=true&amp;query=idn=124604803</subfield>
    <subfield code="0">(uri) http://viaf.org/viaf/sourceID/DNB|124604803</subfield>
  </datafield>
  <datafield tag="655" ind1=" " ind2="7">
    <subfield code="a">Gespr&#228;ch</subfield>
    <subfield code="0">(DE-588)4020713-4</subfield>
    <subfield code="2">gnd-content</subfield>
  </datafield>
  <datafield tag="655" ind1=" " ind2="7">
    <subfield code="a">Biografie</subfield>
    <subfield code="0">(DE-588)4006804-3</subfield>
    <subfield code="2">gnd-content</subfield>
  </datafield>
  <datafield tag="500" ind1=" " ind2=" ">
    <subfield code="a">Zusammenfassung in englischer Sprache</subfield>
  </datafield>
  <datafield tag="MBD" ind1=" " ind2=" ">
    <subfield code="M">49HBZ_NETWORK</subfield>
    <subfield code="i">99371021414006441</subfield>
    <subfield code="n">HBZ Network</subfield>
  </datafield>
  <datafield tag="MNG" ind1=" " ind2=" ">
    <subfield code="c">System</subfield>
    <subfield code="f">HBZ</subfield>
    <subfield code="i">marc21</subfield>
    <subfield code="h">20220127112500.0</subfield>
    <subfield code="k">01</subfield>
    <subfield code="e">false</subfield>
    <subfield code="d">2022-01-28 04:07:16 Europe/Berlin</subfield>
    <subfield code="g">99371021414006441</subfield>
    <subfield code="j">60</subfield>
    <subfield code="a">COTET001######49HBZ_DUE</subfield>
    <subfield code="b">2021-10-19 15:29:44 Europe/Berlin</subfield>
  </datafield>
</record>